@misc{codingame_mars_lander,
    title = "CodinGame",
    url = "https://www.codingame.com/multiplayer/optimization/mars-lander",
    key = 1
}

@misc{GA_MarsLander,
        author = {Vlado},
        title = {A Dedicated Landing with a Genetic Algorithm},
        url = {https://www.codingame.com/blog/genetic-algorithm-mars-lander/},
        month = {may},
        year = {2019}
}